%% This BibTeX bibliography file was created using BibDesk.
%% http://bibdesk.sourceforge.net/


%% Created for David Leon Gil at 2015-06-04 00:57:52 -0700 


%% Saved with string encoding Unicode (UTF-8) 



@url{I,
	Date-Added = {2015-06-04 07:57:43 +0000},
	Date-Modified = {2015-06-04 07:57:50 +0000}}

@url{safecurves,
	Author = {Daniel J. Bernstein},
	Date-Added = {2015-06-04 01:00:08 +0000},
	Date-Modified = {2015-06-04 04:15:40 +0000},
	Lastchecked = {2015-05-31},
	Month = {10},
	Title = {SafeCurves: choosing safe curves for elliptic-curve cryptography: Twist security},
	Url = {http://safecurves.cr.yp.to/twist.html},
	Year = {2013},
	Bdsk-Url-1 = {http://safecurves.cr.yp.to/twist.html}}

@phdthesis{kaliski88thesis,
	Author = {Kaliski, Burton Stephen},
	Date-Added = {2015-06-04 00:58:41 +0000},
	Date-Modified = {2015-06-04 00:59:54 +0000},
	School = {Massachusetts Institute of Technology},
	Title = {Elliptic curves and cryptography: A pseudorandom bit generator and other tools},
	Year = {1988}}

@inproceedings{kaliski1987pseudo,
	Author = {Kaliski Jr, Burton S},
	Booktitle = {Advances in Cryptology---CRYPTO'86},
	Date-Added = {2015-06-04 00:57:39 +0000},
	Date-Modified = {2015-06-04 00:57:39 +0000},
	Organization = {Springer},
	Pages = {84--103},
	Title = {A pseudo-random bit generator based on elliptic logarithms},
	Year = {1987}}

@incollection{chevassut2006twist,
	Author = {Chevassut, Olivier and Fouque, Pierre-Alain and Gaudry, Pierrick and Pointcheval, David},
	Booktitle = {Public Key Cryptography-PKC 2006},
	Date-Added = {2015-06-04 00:57:11 +0000},
	Date-Modified = {2015-06-04 00:57:11 +0000},
	Pages = {410--426},
	Publisher = {Springer},
	Title = {The twist-augmented technique for key exchange},
	Year = {2006}}

@article{kaliski1991one,
	Author = {Kaliski Jr, Burton S},
	Date-Added = {2015-06-04 00:56:05 +0000},
	Date-Modified = {2015-06-04 00:56:05 +0000},
	Journal = {Journal of Cryptology},
	Number = {3},
	Pages = {187--199},
	Publisher = {Springer},
	Title = {One-way permutations on elliptic curves},
	Volume = {3},
	Year = {1991}}

@article{farashahi2012group,
	Author = {Farashahi, Reza Rezaeian and Shparlinski, Igor E},
	Date-Added = {2015-06-04 00:55:19 +0000},
	Date-Modified = {2015-06-04 00:55:19 +0000},
	Journal = {Experimental Mathematics},
	Number = {1},
	Pages = {1--10},
	Publisher = {Taylor \&amp; Francis},
	Title = {On group structures realized by elliptic curves over a fixed finite field},
	Volume = {21},
	Year = {2012}}

@incollection{friedlander2009elliptic,
	Author = {Friedlander, John B and Shparlinski, Igor E},
	Booktitle = {Coding and Cryptology},
	Date-Added = {2015-06-04 00:54:58 +0000},
	Date-Modified = {2015-06-04 00:54:58 +0000},
	Pages = {77--81},
	Publisher = {Springer},
	Title = {Elliptic twin prime conjecture},
	Year = {2009}}

@article{shpar2014elltwin,
	Author = {Shparlinski, Igor E and Sutantyo, Daniel},
	Date-Added = {2015-06-04 00:54:35 +0000},
	Date-Modified = {2015-06-04 00:58:58 +0000},
	Journal = {Journal of Number Theory},
	Pages = {1--15},
	Publisher = {Elsevier},
	Title = {Distribution of elliptic twin primes in isogeny and isomorphism classes},
	Volume = {137},
	Year = {2014}}
