%% This BibTeX bibliography file was created using BibDesk.
%% http://bibdesk.sourceforge.net/


%% Created for David Leon Gil at 2015-06-09 09:26:12 -0700 


%% Saved with string encoding Unicode (UTF-8) 



@misc{secp,
	Author = {SECG},
	Date-Added = {2015-06-09 03:01:56 +0000},
	Date-Modified = {2015-06-09 03:02:38 +0000},
	Month = {September},
	Title = {SEC 2: Recommended elliptic curve domain parameters},
	Url = {http://www.secg.org/SEC2-Ver-1.0.pdf},
	Year = {2000},
	Bdsk-Url-1 = {http://www.secg.org/SEC2-Ver-1.0.pdf}}

@misc{recur,
	Author = {National Institute of Standards and Technology},
	Date-Added = {2015-06-09 02:53:41 +0000},
	Date-Modified = {2015-06-09 02:54:27 +0000},
	Month = {July},
	Title = {Recommended elliptic curves for federal government use},
	Year = {1999}}

@incollection{curve25519,
	Author = {Bernstein, Daniel J},
	Booktitle = {Public Key Cryptography-PKC 2006},
	Date-Added = {2015-06-09 02:52:54 +0000},
	Date-Modified = {2015-06-09 02:53:03 +0000},
	Pages = {207--228},
	Publisher = {Springer},
	Title = {Curve25519: new Diffie-Hellman speed records},
	Year = {2006}}

@url{junkpari,
	Author = {PARI Authors, Michael Hamburg, and David Leon Gil},
	Date-Added = {2015-06-09 02:51:11 +0000},
	Date-Modified = {2015-06-09 16:24:56 +0000},
	Title = {coruus/junk-pari},
	Url = {https://github.com/coruus/junk-pari},
	Bdsk-Url-1 = {https://github.com/coruus/junk-pari}}

@article{Hamburg,
	Author = {Hamburg, Mike},
	Date-Added = {2015-06-09 01:42:31 +0000},
	Date-Modified = {2015-06-09 01:43:09 +0000},
	Title = {Fast and compact elliptic-curve cryptography},
	Url = {http://eprint.iacr.org/2012/309.pdf},
	Year = {2012},
	Bdsk-Url-1 = {http://eprint.iacr.org/2012/309.pdf}}

@techreport{Solinas,
	Author = {Jerome A. Solinas},
	Date-Added = {2015-06-08 18:26:10 +0000},
	Date-Modified = {2015-06-08 18:30:31 +0000},
	Institution = {Center for Applied Cryptographic Research, University of Waterloo},
	Number = {99-39},
	Rating = {5},
	Read = {1},
	Title = {Generalized mersenne numbers},
	Url = {http://cacr.uwaterloo.ca/techreports/1999/corr99-34.pdf},
	Year = {1999},
	Bdsk-File-1 = {YnBsaXN0MDDUAQIDBAUGJCVYJHZlcnNpb25YJG9iamVjdHNZJGFyY2hpdmVyVCR0b3ASAAGGoKgHCBMUFRYaIVUkbnVsbNMJCgsMDxJXTlMua2V5c1pOUy5vYmplY3RzViRjbGFzc6INDoACgAOiEBGABIAFgAdccmVsYXRpdmVQYXRoWWFsaWFzRGF0YV8QFS4uL2RvY3MvY29ycjk5LTM5LnBkZtIXCxgZV05TLmRhdGFPEQGUAAAAAAGUAAIAAAhVbnRpdGxlZAAAAAAAAAAAAAAAAAAAAAAAAADP+tB+SCsAAANRTccNY29ycjk5LTM5LnBkZgAAAAAAAAAAAAAAAAAAAAAAAAAAAAAAAAAAAAAAAAAAAAAAAAAAAAAAAAAAAAAAAAAAA1FOAso+ljIAAAAAAAAAAAABAAIAAAkgAAAAAAAAAAAAAAAAAAAABGRvY3MAEAAIAADP+zLuAAAAEQAIAADKPviiAAAAAQAYA1FNxwK86hMAB12GAXOMXgAGKF4AAmbRAAIAQVVudGl0bGVkOlVzZXJzOgBkbGc6AERyb3Bib3g6AGNvcnV1czoAc29sZWlsOgBkb2NzOgBjb3JyOTktMzkucGRmAAAOABwADQBjAG8AcgByADkAOQAtADMAOQAuAHAAZABmAA8AEgAIAFUAbgB0AGkAdABsAGUAZAASADJVc2Vycy9kbGcvRHJvcGJveC9jb3J1dXMvc29sZWlsL2RvY3MvY29ycjk5LTM5LnBkZgATAAEvAAAVAAIACv//AACABtIbHB0eWiRjbGFzc25hbWVYJGNsYXNzZXNdTlNNdXRhYmxlRGF0YaMdHyBWTlNEYXRhWE5TT2JqZWN00hscIiNcTlNEaWN0aW9uYXJ5oiIgXxAPTlNLZXllZEFyY2hpdmVy0SYnVHJvb3SAAQAIABEAGgAjAC0AMgA3AEAARgBNAFUAYABnAGoAbABuAHEAcwB1AHcAhACOAKYAqwCzAksCTQJSAl0CZgJ0AngCfwKIAo0CmgKdAq8CsgK3AAAAAAAAAgEAAAAAAAAAKAAAAAAAAAAAAAAAAAAAArk=},
	Bdsk-Url-1 = {http://cacr.uwaterloo.ca/techreports/1999/corr99-34.pdf}}

@url{safecurves,
	Author = {Daniel J. Bernstein},
	Date-Added = {2015-06-04 01:00:08 +0000},
	Date-Modified = {2015-06-09 16:25:00 +0000},
	Lastchecked = {2015-05-31},
	Month = {10},
	Title = {SafeCurves: choosing safe curves for elliptic-curve cryptography: Twist security},
	Url = {http://safecurves.cr.yp.to/twist.html},
	Year = {2013},
	Bdsk-Url-1 = {http://safecurves.cr.yp.to/twist.html}}

@phdthesis{KaliskiThesis,
	Author = {Kaliski, Burton Stephen},
	Date-Added = {2015-06-04 00:58:41 +0000},
	Date-Modified = {2015-06-08 18:30:13 +0000},
	School = {Massachusetts Institute of Technology},
	Title = {Elliptic curves and cryptography: A pseudorandom bit generator and other tools},
	Year = {1988}}

@inproceedings{KaliskiProceeding,
	Author = {Kaliski Jr, Burton S},
	Booktitle = {Advances in Cryptology---CRYPTO'86},
	Date-Added = {2015-06-04 00:57:39 +0000},
	Date-Modified = {2015-06-08 18:30:07 +0000},
	Organization = {Springer},
	Pages = {84--103},
	Title = {A pseudo-random bit generator based on elliptic logarithms},
	Year = {1987}}

@incollection{chevassut2006twist,
	Author = {Chevassut, Olivier and Fouque, Pierre-Alain and Gaudry, Pierrick and Pointcheval, David},
	Booktitle = {Public Key Cryptography-PKC 2006},
	Date-Added = {2015-06-04 00:57:11 +0000},
	Date-Modified = {2015-06-04 00:57:11 +0000},
	Pages = {410--426},
	Publisher = {Springer},
	Title = {The twist-augmented technique for key exchange},
	Year = {2006}}

@article{KaliskiJCryptology,
	Author = {Kaliski Jr, Burton S},
	Date-Added = {2015-06-04 00:56:05 +0000},
	Date-Modified = {2015-06-08 18:31:01 +0000},
	Journal = {Journal of Cryptology},
	Number = {3},
	Pages = {187--199},
	Publisher = {Springer},
	Title = {One-way permutations on elliptic curves},
	Volume = {3},
	Year = {1991}}

@article{Farashahi2012,
	Author = {Farashahi, Reza Rezaeian and Shparlinski, Igor E},
	Date-Added = {2015-06-04 00:55:19 +0000},
	Date-Modified = {2015-06-08 18:30:50 +0000},
	Journal = {Experimental Mathematics},
	Number = {1},
	Pages = {1--10},
	Publisher = {Taylor \&amp; Francis},
	Title = {On group structures realized by elliptic curves over a fixed finite field},
	Volume = {21},
	Year = {2012}}

@incollection{EllipticTwinPrime,
	Author = {Friedlander, John B and Shparlinski, Igor E},
	Booktitle = {Coding and Cryptology},
	Date-Added = {2015-06-04 00:54:58 +0000},
	Date-Modified = {2015-06-08 18:30:27 +0000},
	Pages = {77--81},
	Publisher = {Springer},
	Title = {Elliptic twin prime conjecture},
	Year = {2009}}

@article{ShparlinskiSutantyo,
	Author = {Shparlinski, Igor E and Sutantyo, Daniel},
	Date-Added = {2015-06-04 00:54:35 +0000},
	Date-Modified = {2015-06-08 18:29:59 +0000},
	Journal = {Journal of Number Theory},
	Pages = {1--15},
	Publisher = {Elsevier},
	Title = {Distribution of elliptic twin primes in isogeny and isomorphism classes},
	Volume = {137},
	Year = {2014}}
